<?xml version="1.0" encoding="UTF-8"?><collection xmlns="http://www.loc.gov/MARC21/slim"><record><leader>00401nam--2200133-i-4500</leader><controlfield tag="001">000030202</controlfield><controlfield tag="002">20161230</controlfield><controlfield tag="005">20161230201038</controlfield><controlfield tag="008">060222s1000------------r-----000-0-eng-d</controlfield><datafield ind1=" " ind2=" " tag="080"><subfield code="a">535.37:538.9</subfield></datafield><datafield ind1=" " ind2=" " tag="245"><subfield code="a">Luminescence and energy transfer. with contributions by blasse, g.bleinjenberg and r.c.powell</subfield></datafield><datafield ind1=" " ind2=" " tag="260"><subfield code="a">Berlin, Springer-verlag, 1980, 133p</subfield></datafield><datafield ind1=" " ind2=" " tag="490"><subfield code="a">Structure And Bounding</subfield></datafield><datafield ind1=" " ind2=" " tag="852"><subfield code="a">26684</subfield></datafield></record></collection>